<record><leader>00000cas a2200000 a 4500</leader><controlfield tag="001">13133759</controlfield><controlfield tag="008">860210d18771906pauwr ne      0    0eng c</controlfield><datafield ind1=" " ind2=" " tag="010"><subfield code="a">sn 86081094 </subfield></datafield><datafield ind1=" " ind2=" " tag="040"><subfield code="a">NPH</subfield><subfield code="b">eng</subfield><subfield code="c">NPH</subfield><subfield code="d">CUI</subfield><subfield code="d">OCLCQ</subfield><subfield code="d">OCLCF</subfield></datafield><datafield ind1=" " ind2=" " tag="042"><subfield code="a">pcc</subfield></datafield><datafield ind1=" " ind2=" " tag="043"><subfield code="a">n-us-pa</subfield></datafield><datafield ind1=" " ind2="4" tag="050"><subfield code="a">AN</subfield></datafield><datafield ind1="0" ind2=" " tag="130"><subfield code="a">Pittsburgh commercial gazette (Pittsburgh, Pa. : Weekly)</subfield></datafield><datafield ind1="1" ind2="0" tag="245"><subfield code="a">Pittsburgh commercial gazette.</subfield></datafield><datafield ind1="1" ind2="3" tag="246"><subfield code="a">Weekly commercial gazette</subfield></datafield><datafield ind1="1" ind2="3" tag="246"><subfield code="a">Commercial gazette</subfield></datafield><datafield ind1=" " ind2=" " tag="250"><subfield code="a">Weekly ed.</subfield></datafield><datafield ind1=" " ind2=" " tag="260"><subfield code="a">Pittsburgh [Pa.] :</subfield><subfield code="b">King, Reed &amp; Co.</subfield></datafield><datafield ind1=" " ind2=" " tag="300"><subfield code="a">v. ;</subfield><subfield code="c">76 cm.</subfield></datafield><datafield ind1=" " ind2=" " tag="310"><subfield code="a">Weekly</subfield></datafield><datafield ind1="1" ind2=" " tag="362"><subfield code="a">Began in 1877?; ceased in 1906?</subfield></datafield><datafield ind1=" " ind2=" " tag="588"><subfield code="a">Description based on: Vol. 92, no. 131 (Jan. 16, 1878).</subfield></datafield><datafield ind1=" " ind2="0" tag="651"><subfield code="a">Pittsburgh (Pa.)</subfield><subfield code="v">Newspapers.</subfield></datafield><datafield ind1=" " ind2="0" tag="651"><subfield code="a">Allegheny County (Pa.)</subfield><subfield code="v">Newspapers.</subfield></datafield><datafield ind1=" " ind2="7" tag="655"><subfield code="a">Newspapers.</subfield><subfield code="2">fast</subfield><subfield code="0">(OCoLC)fst01423814</subfield></datafield><datafield ind1=" " ind2="7" tag="651"><subfield code="a">Pennsylvania</subfield><subfield code="z">Allegheny County.</subfield><subfield code="2">fast</subfield><subfield code="0">(OCoLC)fst01209250</subfield></datafield><datafield ind1=" " ind2="7" tag="651"><subfield code="a">Pennsylvania</subfield><subfield code="z">Pittsburgh.</subfield><subfield code="2">fast</subfield><subfield code="0">(OCoLC)fst01205171</subfield></datafield><datafield ind1=" " ind2=" " tag="752"><subfield code="a">United States</subfield><subfield code="b">Pennsylvania</subfield><subfield code="c">Allegheny</subfield><subfield code="d">Pittsburgh.</subfield></datafield><datafield ind1="0" ind2=" " tag="775"><subfield code="t">Pittsburgh commercial gazette (Pittsburgh, Pa. : Daily)</subfield><subfield code="w">(DLC)sn 85054512</subfield><subfield code="w">(OCoLC)2266151</subfield></datafield><datafield ind1="0" ind2="4" tag="780"><subfield code="t">Pittsburgh weekly gazette (Pittsburgh, Pa. : 1868)</subfield><subfield code="w">(DLC)sn 84026385</subfield><subfield code="w">(OCoLC)10443218</subfield></datafield><datafield ind1="0" ind2="4" tag="780"><subfield code="t">Pittsburgh commercial (Pittsburgh, Pa. : Weekly)</subfield><subfield code="w">(DLC)sn 85038380</subfield><subfield code="w">(OCoLC)12396128</subfield></datafield></record>